%% This BibTeX bibliography file was created using BibDesk.
%% http://bibdesk.sourceforge.net/

%% Created for Santander-Vela, Juande at 2018-03-08 10:53:21 +0000 


%% Saved with string encoding Unicode (UTF-8) 



@book{brooks1995,
	Author = {Frederick Phillips {Brooks}},
	Date-Added = {2018-03-08 10:47:25 +0000},
	Date-Modified = {2018-03-08 10:48:36 +0000},
	Edition = {anniversary},
	Publisher = {Addison-Wesley Longman Publishing},
	Title = {The Mythical Man-Month: Essays on Software Engineering},
	Year = {1995}}

@book{cervantes2016,
	Author = {Humberto {Cervantes} and Rick {Kazman}},
	Date-Added = {2018-03-08 10:41:21 +0000},
	Date-Modified = {2018-03-08 10:41:41 +0000},
	Edition = {1st},
	Isbn = {978-0134390789},
	Month = {May},
	Publisher = {Addison-Wesley Professional},
	Series = {SEI Series in Software Engineering},
	Title = {Designing Software Architectures: A Practical Approach},
	Year = {2016}}

@book{bass2012,
	Author = {Len {Bass} and Paul {Clements} and Rick {Kazman}},
	Date-Added = {2018-03-08 10:37:18 +0000},
	Date-Modified = {2018-03-08 10:38:10 +0000},
	Edition = {3rd},
	Isbn = {978-0321815736},
	Publisher = {Addison-Wesley Professional},
	Series = {SEI Series in Software Engineering},
	Title = {Software Architecture in Practice},
	Year = {2012}}

@book{clements2001,
	Author = {Paul {Clements} and Rick {Kazman} and Mark {Klein}},
	Date-Added = {2018-03-08 10:32:24 +0000},
	Date-Modified = {2018-03-08 10:34:26 +0000},
	Edition = {1st},
	Month = {November},
	Publisher = {Addison-Wesley Professional},
	Series = {SEI Series in Software Engineering},
	Title = {Evaluating Software Architectures: Methods and Case Studies},
	Year = {2001}}

@article{maier2006,
	Author = {Maier, Mark W.},
	Date-Added = {2018-03-08 10:25:50 +0000},
	Date-Modified = {2018-03-08 10:26:02 +0000},
	Doi = {10.1002/sys.20050},
	Issn = {1520-6858},
	Journal = {Systems Engineering},
	Keywords = {architecture, architecting, software, layered systems},
	Number = {2},
	Pages = {146--159},
	Publisher = {Wiley Subscription Services, Inc., A Wiley Company},
	Title = {System and software architecture reconciliation},
	Url = {http://dx.doi.org/10.1002/sys.20050},
	Volume = {9},
	Year = {2006},
	Bdsk-Url-1 = {http://dx.doi.org/10.1002/sys.20050}}

@inproceedings{O4-4_adassxxvii,
	Address = {San Francisco},
	Author = {{Santander-Vela}, J.},
	Booktitle = {ADASS XXVII},
	Date-Added = {2018-03-08 10:15:50 +0000},
	Date-Modified = {2018-03-08 10:16:26 +0000},
	Editor = {TBD},
	Pages = {TBD},
	Publisher = {ASP},
	Series = {ASP Conf. Ser.},
	Title = {{Agile Systems Engineering at SKA Scale}},
	Volume = {TBD},
	Year = 2018}

@book{safe2017,
	Author = {Dean Leffingwell},
	Date-Added = {2018-03-08 10:05:33 +0000},
	Date-Modified = {2018-03-08 10:13:46 +0000},
	Edition = {2nd},
	Isbn = {978-0134892863},
	Month = {May},
	Publisher = {Addison-Wesley Professional},
	Title = {{Scaled Agile Framework (SAFe)}},
	Url = {http://www.scaledagileframework.com},
	Year = {2018}}

@techreport{hayes2016,
	Author = {Will {Hayes} and Mary~Ann {Lapham} and Suzanne {Miller} and Eileen {Wrubel} and Peter {Capell}},
	Date-Added = {2018-03-08 09:57:49 +0000},
	Date-Modified = {2018-03-08 10:00:56 +0000},
	Institution = {Software Engineering Institute},
	Month = {Dec},
	Number = {CMU/SEI-2016-TN-005},
	Title = {{Scaling Agile Methods for Department of Defense Programs}},
	Type = {{Technical Note}},
	Url = {https://resources.sei.cmu.edu/library/asset-view.cfm?assetID=484635},
	Year = {2016}}

@techreport{clarke2017,
	Author = {Susan Clarke},
	Date-Added = {2018-03-08 09:50:13 +0000},
	Date-Modified = {2018-03-08 09:55:11 +0000},
	Institution = {Association for Project Management},
	Keywords = {agile, large scale projets, project management, software development},
	Month = {Sep},
	Title = {Can agile be scaled?},
	Type = {{APM Research Fund Series}},
	Url = {https://www.apm.org.uk/news/can-agile-be-scaled/},
	Year = {2017}}

@misc{agile2001,
	Author = {{M. Beedle et al.}},
	Date-Modified = {2018-03-08 10:50:53 +0000},
	Title = {{Manifesto for Agile Software Development}},
	Url = {http://agilemanifesto.org},
	Year = 2001,
	Bdsk-Url-1 = {http://agilemanifesto.org}}

@techreport{iso25010,
	Address = {Geneva, CH},
	Institution = {International Organization for Standardization},
	Key = {ISO/IEC 25010:2011},
	Month = mar,
	Title = {{Systems and software engineering -- Systems and software Quality Requirements and Evaluation (SQuaRE) -- System and software quality models}},
	Type = {Standard},
	Volume = {2011},
	Year = {2011}}

@article{conway1968,
	Author = {Conway, Melvin E.},
	Biburl = {https://www.bibsonomy.org/bibtex/260be723ddb457dfd5469263a0abd8029/mschuber},
	Journal = {Datamation},
	Month = {April},
	Title = {How Do Committees Invent?},
	Url = {http://www.melconway.com/research/committees.html},
	Year = 1968,
	Bdsk-Url-1 = {http://www.melconway.com/research/committees.html}}

@book{VandB,
	Author = {Garlan, David and Bachmann, Felix and Ivers, James and Stafford, Judith and Bass, Len and Clements, Paul and Merson, Paulo},
	Edition = {2nd},
	Isbn = {0321552687, 9780321552686},
	Publisher = {Addison-Wesley Professional},
	Title = {Documenting Software Architectures: Views and Beyond},
	Year = {2010}}
